@BOOK{Wolfengagen2004,
  author    = {Вольфенгаген, В. Э.},
  title     = {Методы и средства вычислений с объектами. Аппликативные вычислительные системы},
  publisher = {JurInfoR Ltd., АО «Центр ЮрИнфоР»},
  year      = {2021},
  address   = {Москва},
  pages     = {789},
  isbn      = {5-89158-100-0},
  language  = {russian},
  series    = {Компьютерные науки и информационные технологии},
}
@ARTICLE{Wadsworth1971Lambda,
  author    = {Wadsworth, Christopher P.},
  title     = {Semantics and Pragmatics of the Lambda Calculus},
  journal   = {University of Oxford DPhil Thesis},
  year      = {1971},
  address   = {Oxford},
  language  = {english}
}
@ARTICLE{Wadler1987,
  author    = {Wadler, Philip},
  title     = {Deforestation: Transforming Programs to Eliminate Trees},
  journal   = {Theoretical Computer Science},
  year      = {1987},
  volume    = {76},
  number    = {2},
  pages     = {221--248},
  language  = {english}
}
@ARTICLE{GarciaPerez2019,
  author    = {García-Pérez, Álvaro and Nogueira, Pablo},
  title     = {The Full-Reducing Krivine Abstract Machine {KN} Simulates Pure Normal-Order Reduction in Lockstep: A Proof via Corresponding Calculus},
  journal   = {Journal of Functional Programming},
  volume    = {29},
  pages     = {e7},
  year      = {2019},
  publisher = {Cambridge University Press},
  note      = {38 pages},
  language  = {english}
}

@BOOK{Richter2013,
  author    = {Рихтер, Дж.},
  title     = {CLR via C\#. Программирование на платформе Microsoft .NET Framework 4.5 на языке C\#},
  publisher = {Питер},
  address   = {Санкт-Петербург},
  year      = {2013},
  edition   = {4},
  pages     = {896},
  language  = {russian}
}

@BOOK{Syme2015,
  author    = {Syme, Don and Granicz, Adam and Cisternino, Antonio},
  title     = {Expert F\# 4.0},
  publisher = {Apress},
  address   = {New York},
  year      = {2015},
  language  = {english}
}

@BOOK{Duffy2008,
  author    = {Duffy, Joe},
  title     = {Concurrent Programming on Windows},
  publisher = {Microsoft Press},
  address   = {Redmond},
  year      = {2008},
  language  = {english}
}

@BOOK{Krivine2007Abstract,
  author    = {Krivine, Jean-Louis},
  title     = {Abstract Machine for Classical Logic},
  publisher = {Panoramas et Synthèses},
  address   = {Société Mathématique de France},
  year      = {2007},
  numpages  = {138},
  isbn      = {978-2-85629-240-6},
  language  = {english}
}
@BOOK{Barendregt1984,
  author    = {Barendregt, H. P.},
  title     = {The Lambda Calculus: Its Syntax and Semantics},
  publisher = {North–Holland},
  year      = {1984},
  series    = {Studies in Logic and the Foundations of Mathematics},
  volume    = {103},
  language  = {english}
}
@BOOK{HindleySeldin2008,
  author    = {Hindley, J. R. and Seldin, J. P.},
  title     = {Lambda‑Calculi and Combinators: An Introduction},
  publisher = {Cambridge University Press},
  year      = {2008},
  language  = {english}
}
@BOOK{Pierce2002,
  author    = {Pierce, B. C.},
  title     = {Types and Programming Languages},
  publisher = {MIT Press},
  year      = {2002},
  language  = {english}
}
@ARTICLE{ChurchRosser,
  author    = {Church, A. and Rosser, J. B.},
  title     = {Some Properties of Conversion},
  journal   = {Transactions of the American Mathematical Society},
  year      = {1936},
  volume    = {39},
  number    = {3},
  pages     = {472--482},
  language  = {english}
}
@ARTICLE{Plotkin1975,
  author    = {Plotkin, G. D.},
  title     = {Call-by-Name, Call-by-Value and the $\lambda$-Calculus},
  journal   = {Theoretical Computer Science},
  year      = {1975},
  volume    = {1},
  pages     = {125--159},
  language  = {english}
}

@MISC{BarendregtBarendsen2000,
  author       = {Barendregt, H. P. and Barendsen, E.},
  title        = {Introduction to Lambda Calculus},
  howpublished = {Revised edition, electronic resource},
  year         = {2000},
  note         = {URL: https://www.scribd.com/document/320216430/Barendregt-H-Barendsen-E-Introduction-to-Lambda-Calculus-2000},
  language     = {english}
}

@BOOK{Date2005,
  author    = {Date, C. J.},
  title     = {An Introduction to Database Systems},
  edition   = {8},
  publisher = {Издательский дом «Вильяме»},
  address   = {Москва},
  year      = {2005},
  pages     = {1328},
  language  = {russian}
}

@ARTICLE{Roslovtsev2011,
  author    = {Рословцев, В. В.},
  title     = {Структура и метод формирования аппликативной вычислительной среды},
  journal   = {Sworld},
  volume    = {5},
  number    = {4},
  pages     = {14--21},
  year      = {2011},
  language  = {russian}
}

@INPROCEEDINGS{Roslovtsev2018a,
  author    = {Roslovtsev, V. V.},
  title     = {Building Semantic Technologies Based on Relational-Applicative Foundations},
  booktitle = {Procedia Computer Science},
  volume    = {123},
  pages     = {393--402},
  year      = {2018},
  publisher = {Elsevier},
  language  = {english}
}

@INPROCEEDINGS{Roslovtsev2018b,
  author    = {Roslovtsev, V. V.},
  title     = {Architecture for Modular Type System for Information Systems Based on Relational-Applicative Technologies},
  booktitle = {Procedia Computer Science},
  volume    = {123},
  pages     = {386--392},
  year      = {2018},
  publisher = {Elsevier},
  language  = {english}
}

@BOOK{Rozentals2015,
  author    = {Rozentals, N.},
  title     = {Mastering TypeScript. Build enterprise-ready, industrial strength web applications using TypeScript and leading JavaScript frameworks},
  publisher = {Packt Publishing Ltd.},
  address   = {Birmingham, UK},
  year      = {2015},
  language  = {english}
}

@INPROCEEDINGS{PeytonJones1992,
  author    = {Peyton Jones, Simon L.},
  title     = {The Implementation of Functional Programming Languages},
  booktitle = {Prentice Hall International Series in Computer Science},
  year      = {1992},
  publisher = {Prentice Hall},
  language  = {english}
}
@TECHREPORT{Landin1964,
  author    = {Landin, Peter J.},
  title     = {The Mechanical Evaluation of Expressions},
  institution = {University of Cambridge},
  year      = {1964},
  number    = {Technical Monograph},
  language  = {english}
}
@ARTICLE{Felleisen1987,
  author    = {Felleisen, Matthias and Friedman, Daniel P.},
  title     = {Control operators, the SECD machine, and the $\lambda$-calculus},
  journal   = {Journal of Functional Programming},
  year      = {1987},
  volume    = {1},
  number    = {2},
  pages     = {175--190},
  language  = {english}
}
@ARTICLE{Krivine2007,
  author    = {Krivine, Jean-Louis},
  title     = {A Call-by-Name Lambda-Calculus Machine},
  journal   = {Higher-Order and Symbolic Computation},
  year      = {2007},
  volume    = {20},
  number    = {3},
  pages     = {325--341},
  language  = {english}
}
@ARTICLE{Barendregt1993,
  author    = {Barendregt, H. P. and van Eekelen, M. C. J. D.},
  title     = {Call-by-Need, Call-by-Name and the Lambda Calculus},
  journal   = {Journal of Functional Programming},
  year      = {1993},
  volume    = {3},
  number    = {3},
  pages     = {221--258},
  language  = {english}
}